<?xml version="1.0" encoding="UTF-8"?><record xmlns="http://www.loc.gov/MARC21/slim" xmlns:cinclude="http://apache.org/cocoon/include/1.0" xmlns:zs="http://www.loc.gov/zing/srw/">
  <leader>00890cz  a2200205n  4500</leader>
  <controlfield tag="001">nr2004023005</controlfield>
  <controlfield tag="003">DLC</controlfield>
  <controlfield tag="005">20060207033138.0</controlfield>
  <controlfield tag="008">040802n| acannaabn          |a ana     c</controlfield>
  <datafield tag="010" ind1=" " ind2=" ">
    <subfield code="a">nr2004023005</subfield>
    <subfield code="z">nr2004000223</subfield>
  </datafield>
  <datafield tag="040" ind1=" " ind2=" ">
    <subfield code="a">StEdNL</subfield>
    <subfield code="b">eng</subfield>
    <subfield code="c">StEdNL</subfield>
    <subfield code="d">DLC</subfield>
    <subfield code="d">UkOxU</subfield>
  </datafield>
  <datafield tag="110" ind1="2" ind2=" ">
    <subfield code="a">South West of England Regional Development Agency</subfield>
  </datafield>
  <datafield tag="410" ind1="2" ind2=" ">
    <subfield code="a">SWRDA</subfield>
  </datafield>
  <datafield tag="410" ind1="2" ind2=" ">
    <subfield code="a">South West of England RDA</subfield>
  </datafield>
  <datafield tag="410" ind1="2" ind2=" ">
    <subfield code="a">South West RDA</subfield>
  </datafield>
  <datafield tag="410" ind1="2" ind2=" ">
    <subfield code="a">South West England Regional Development Agency</subfield>
  </datafield>
  <datafield tag="670" ind1=" " ind2=" ">
    <subfield code="a">A great climate for business, 2004?:</subfield>
    <subfield code="b">back cover (South West of England Regional Development Agency)</subfield>
  </datafield>
  <datafield tag="670" ind1=" " ind2=" ">
    <subfield code="a">SWRDA WWW Home page, Aug. 2, 2004</subfield>
    <subfield code="b">(SWRDA; South West of England RDA; South West RDA)</subfield>
  </datafield>
  <datafield tag="670" ind1=" " ind2=" ">
    <subfield code="a">Annual review, 2000:</subfield>
    <subfield code="b">t.p. (South West of England Regional Development Agency)</subfield>
  </datafield>
  <datafield tag="670" ind1=" " ind2=" ">
    <subfield code="a">South West RDA highlights 2004, 2004</subfield>
    <subfield code="b">colophon (South West England Regional Development Agency)</subfield>
  </datafield>
</record>